<?xml version="1.0" encoding="UTF-8"?>
<record xmlns="http://www.loc.gov/MARC21/slim">
   <leader>00895cam a2200217 a 4500</leader>
   <controlfield tag="001">390510</controlfield>
   <controlfield tag="003">NjP</controlfield>
   <controlfield tag="005">20171012080123.0</controlfield>
   <controlfield tag="008">870812q19801987ir       b    00010 ara d</controlfield>
   <datafield tag="024" ind1="7" ind2=" ">
      <subfield code="a">princeton_aco004376</subfield>
      <subfield code="2">local</subfield>
   </datafield>
   <datafield ind1=" " ind2=" " tag="035">
      <subfield code="a">(OCoLC)19122142</subfield>
   </datafield>
   <datafield ind1=" " ind2=" " tag="035">
      <subfield code="a">(CStRLIN)NJPG87-B38438</subfield>
   </datafield>
   <datafield ind1=" " ind2=" " tag="035">
      <subfield code="9">ABW5982TS</subfield>
   </datafield>
   <datafield ind1=" " ind2=" " tag="040">
      <subfield code="a">NNU</subfield>
      <subfield code="c">NNU</subfield>
      <subfield code="d">NjP</subfield>
   </datafield>
   <datafield ind1="1" ind2=" " tag="100">
      <subfield code="a">Jazāʼirī, Niʻmat Allāh ibn ʻAbd Allāh,</subfield>
      <subfield code="d">1640 or 1641-1701.</subfield>
      <subfield code="0">http://id.loc.gov/authorities/names/n88155221</subfield>
   </datafield>
   <datafield ind1="1" ind2="3" tag="245">
      <subfield code="a">al-Anwār al-Nuʻmānīyah /</subfield>
      <subfield code="c">taʻlīf Niʻmat Allāh al-Mūsawī al-Jazāʼirī ; bi-nafaqat Muḥammad Bāqir, Sayyid Hādī.</subfield>
   </datafield>
   <datafield ind1=" " ind2=" " tag="260">
      <subfield code="a">Tabrīz, Īrān :</subfield>
      <subfield code="b">Shirkat-i Chāp,</subfield>
      <subfield code="c">[198-?]</subfield>
   </datafield>
   <datafield ind1=" " ind2=" " tag="300">
      <subfield code="a">4 v. ;</subfield>
      <subfield code="c">25 cm.</subfield>
   </datafield>
   <datafield ind1=" " ind2=" " tag="504">
      <subfield code="a">Includes bibliographical references.</subfield>
   </datafield>
   <datafield ind1=" " ind2="0" tag="650">
      <subfield code="a">Shīʻah</subfield>
      <subfield code="x">Doctrines.</subfield>
      <subfield code="x">Early works to 1800.</subfield>
   </datafield>
   <datafield ind1=" " ind2=" " tag="998">
      <subfield code="a">08/12/87</subfield>
      <subfield code="s">9114</subfield>
      <subfield code="n">NjP</subfield>
      <subfield code="w">DCLC86930877B</subfield>
      <subfield code="d">08/12/87</subfield>
      <subfield code="c">JCB</subfield>
      <subfield code="b">LDP</subfield>
      <subfield code="i">870812</subfield>
      <subfield code="l">NJPG</subfield>
   </datafield>
   <datafield ind1=" " ind2=" " tag="911">
      <subfield code="a">19921028</subfield>
   </datafield>
   <datafield ind1=" " ind2=" " tag="912">
      <subfield code="a">19961011035114.0</subfield>
   </datafield>
   <datafield ind1="8" ind2="1" tag="852">
      <subfield code="0">426110</subfield>
      <subfield code="b">rcppa</subfield>
      <subfield code="t">1</subfield>
      <subfield code="h">2271.505497.J33.312 1980z</subfield>
      <subfield code="x">tr fr f</subfield>
   </datafield>
   <datafield ind1=" " ind2="0" tag="866">
      <subfield code="0">426110</subfield>
      <subfield code="a">Juz' 1-4</subfield>
   </datafield>
   <datafield ind1=" " ind2=" " tag="959">
      <subfield code="a">2000-06-13 00:00:00 -0500</subfield>
   </datafield>
</record>
